@book{georgii_2015, place={Berlin}, edition={5}, title={Stochastik: Einführung in die Wahrscheinlichkeitstheorie und Statistik}, publisher={De Gruyter}, author={Georgii, Hans-Otto}, year={2015}}

@book{schilling_2017, place={Berlin}, edition={1}, title={Wahrscheinlichkeit: eine Einführung für Bachelor-Studenten}, publisher={De Gruyter}, author={Schilling, René L.}, year={2017}}

@book{bauer_2002, place={Berlin}, edition={5}, title={Wahrscheinlichkeitstheorie}, publisher={De Gruyter}, author={Bauer, Heinz}, year={2002}, annotate={sehr maßtheoretisch}}

@book{krengel_2005, place={Wiesbaden}, title={Einführung in die Wahrscheinlichkeitstheorie und Statistik:}, publisher={Vieweg}, author={Krengel, Ulrich}, year={2005}, annotate={ohne Maßtheorie}}

@book{dehling_haupt_2003, place={Berlin}, title={Einführung in die Wahrscheinlichkeitstheorie und Statistik}, publisher={Springer}, author={Dehling, Herold and Haupt, Beate}, year={2003}, annotate={ohne Maßtheorie}}