@book{barwolff_2016, place={Wiesbaden}, title={Numerik für Ingenieure, Physiker und Informatiker}, publisher={Springer Spektrum}, author={Bärwolff, Günter}, year={2016}}

@book{bollhofer_mehrmann_2004, edition={1}, title={Numerische Mathematik}, publisher={Vieweg Teubner Verlag}, author={Bollhöfer, Matthias, Mehrmann, Volker}, year={2004}}

@book{freund_hoppe_2007, place={Berlin}, title={Stoer, Bulirsch: Numerische Mathematik 1}, publisher={Springer}, author={Freund, Roland W., Hoppe, Ronald H.}, year={2007}}

@book{hanke-bourgeois_2009, place={Wiesbaden}, title={Grundlagen der numerischen Mathematik und des wissenschaftlichen Rechnens}, publisher={Vieweg Teubner}, author={Hanke-Bourgeois, Martin}, year={2009}}

@book{hestenes_stiefel_1952, place={Washington}, title={Methods of conjugate gradients for solving linear systems}, publisher={NBS}, author={Hestenes, Magnus Rudolph., Stiefel, Eduard}, year={1952}}

@book{kanzow_2005, place={Berlin}, title={Numerik linearer Gleichungssysteme: direkte und iterative Verfahren}, publisher={Springer}, author={Kanzow, Christian}, year={2005}}

@book{knorrenschild_2017, place={München}, title={Numerische Mathematik}, publisher={Fachbuchverlag Leipzig im Carl Hanser Verlag}, author={Knorrenschild, Michael}, year={2017}}

@article{lanczos_1952, title={Solution of systems of linear equations by minimized iterations}, volume={49}, DOI={10.6028/jres.049.006}, number={1}, journal={Journal of Research of the National Bureau of Standards}, author={Lanczos, C.}, year={1952}, pages={33–53}}

@book{meister_2015, place={Wiesbaden}, title={Numerik linearer Gleichungssysteme: eine Einführung in moderne Verfahren; mit MATLAB-Implementierungen von C. Vömel}, publisher={Springer Spektrum}, author={Meister, Andreas}, year={2015}}

@article{lin_more_1999, title={Incomplete Cholesky Factorizations with Limited Memory}, volume={21}, DOI={10.1137/s1064827597327334}, number={1}, journal={SIAM Journal on Scientific Computing}, author={Lin, Chih-Jen, Moré, Jorge J.}, year={1999}, pages={24–45}}

@article{paige_saunders_1975, title={Solution of Sparse Indefinite Systems of Linear Equations}, volume={12}, DOI={10.1137/0712047}, number={4}, journal={SIAM Journal on Numerical Analysis}, author={Paige, C. C., Saunders, M. A.}, year={1975}, pages={617–629}}

@book{bierbaum_preuss_wenisch_2001, place={München}, title={Lehr- und übungsbuch numerische Mathematik}, publisher={Fachbuchverlag Leipzig im Carl Hanser Verlag}, author={Bierbaum, Fritz, Preuss, Wolfgang, Wenisch, Günter}, year={2001}}

@book{quarteroni_sacco_saleri_2002, place={Berlin}, title={Numerische Mathematik 1}, publisher={Springer}, author={Quarteroni, Alfio, Sacco, Riccardo, Saleri, Fausto}, year={2002}}

@book{quarteroni_sacco_saleri_2002, place={Berlin}, title={Numerische Mathematik 2}, publisher={Springer}, author={Quarteroni, Alfio, Sacco, Riccardo, Saleri, Fausto}, year={2002}}

@book{roos_schwetlick_1999, title={Numerische Mathematik}, publisher={Teubner}, author={Roos, Hans-G., Schwetlick, Hubert}, year={1999}}

@article{doi:10.1137/0907058,
	author = {Saad, Y., Schultz, M.},
	title = {GMRES: A Generalized Minimal Residual Algorithm for Solving Nonsymmetric Linear Systems},
	journal = {SIAM Journal on Scientific and Statistical Computing},
	volume = {7},
	number = {3},
	pages = {856-869},
	year = {1986},
	doi = {10.1137/0907058},	
	URL = {https://doi.org/10.1137/0907058},
	eprint = {https://doi.org/10.1137/0907058}}

@book{schaback_wendland_2005, place={New York}, title={Numerische Mathematik}, publisher={Springer-Verlag Berlin Heidelberg}, author={Schaback, Robert, Wendland, Holger}, year={2005}}

@book{schwarz_1997, title={Numerische Mathematik}, publisher={Teubner}, author={Schwarz, Hans Rudolf}, year={1997}}

@book{steinbach_2005, title={Losungsverfahren fur lineare Gleichungssysteme: Algorithmen und Anwendungen}, publisher={Friedrick Vieweg und Son}, author={Steinbach, Olaf}, year={2005}}

@book{stoer_bulirsch_2005, place={Berlin}, title={Numerische Mathematik 2}, publisher={Springer}, author={Stoer, Josef, Bulirsch, Roland}, year={2005}}

@book{strehmel_weiner_podhaisky_2012, place={Wiesbaden}, title={Numerik gewöhnlicher Differentialgleichungen}, publisher={Vieweg und Teubner}, author={Strehmel, Karl, Weiner, Rüdiger, Podhaisky, Helmut}, year={2012}}